@book {Jech,
	AUTHOR = {Jech, Thomas},
	TITLE = {Set theory},
	SERIES = {Springer Monographs in Mathematics},
	PUBLISHER = {Springer-Verlag, Berlin},
	YEAR = {2003},
}


@book {Bosch,
	AUTHOR = {Bosch, Siegfried},
	TITLE = {Lineare Algebra},
	PUBLISHER = {Springer Spektrum, Berlin},
	YEAR = {2014},
}


@book {Hess,
	AUTHOR = {He{\ss}, Florian},
	TITLE = {Lineare Algebra},
	NOTE = {Folienskript},
	YEAR = {2017},
}


@book {dtv,
	AUTHOR = {Reinhard, Fritz and Soeder, Heinrich and Falk, Gerd},
	TITLE = {dtv-Atlas zur Mathematik},
	PUBLISHER = {Deutscher Taschenbuch Verlag},
	YEAR = {1998},
}

@book{Wei95,
	author = {Weibel, Charles A.},
	address = {Cambridge},
	booktitle = {An introduction to homological algebra},
	isbn = {1-316-08707-7},
	keywords = {Algebra, Homological},
	language = {eng},
	publisher = {Cambridge University Press},
	series = {Cambridge studies in advanced mathematics ; 38},
	title = {An introduction to homological algebra },
	year = {1994},
}

